@inproceedings{deeppermnet,
  title={Deeppermnet: Visual permutation learning},
  author={Santa Cruz, Rodrigo and Fernando, Basura and Cherian, Anoop and Gould, Stephen},
  booktitle={Proceedings of the IEEE Conference on Computer Vision and Pattern Recognition},
  pages={3949--3957},
  year={2017}
}

@article{sinkhorn1,
  title={A relationship between arbitrary positive matrices and doubly stochastic matrices},
  author={Sinkhorn, Richard},
  journal={The annals of mathematical statistics},
  volume={35},
  number={2},
  pages={876--879},
  year={1964},
  publisher={JSTOR}
}

@article{sinkhorn2,
  title={Concerning nonnegative matrices and doubly stochastic matrices},
  author={Sinkhorn, Richard and Knopp, Paul},
  journal={Pacific Journal of Mathematics},
  volume={21},
  number={2},
  pages={343--348},
  year={1967},
  publisher={Mathematical Sciences Publishers}
}